<?xml version="1.0" encoding="UTF-8"?><collection xmlns="http://www.loc.gov/MARC21/slim"><record><leader>00516nam--2200181-u-4500</leader><controlfield tag="001">000055438</controlfield><controlfield tag="002">20161230</controlfield><controlfield tag="005">20161230201052</controlfield><controlfield tag="008">130208s1000------------r-----000-0-eng-d</controlfield><datafield ind1=" " ind2=" " tag="040"><subfield code="a">IFIN-HH</subfield></datafield><datafield ind1=" " ind2=" " tag="080"><subfield code="a">801.323.2:804.0:802.0</subfield></datafield><datafield ind1="1" ind2=" " tag="100"><subfield code="a">Mansion, J.E</subfield></datafield><datafield ind1="1" ind2="0" tag="245"><subfield code="a">Harra's shorter french and english dictionary</subfield><subfield code="c">J.e. mansion</subfield></datafield><datafield ind1=" " ind2=" " tag="260"><subfield code="a">London</subfield><subfield code="b">George G. Harrap &amp; Company Ltd</subfield><subfield code="c">1967</subfield></datafield><datafield ind1=" " ind2=" " tag="300"><subfield code="a">2 VOL</subfield></datafield><datafield ind1="1" ind2=" " tag="787"><subfield code="a">Part Two</subfield><subfield code="h">/Pag.Dif.</subfield><subfield code="t">English-french</subfield></datafield><datafield ind1=" " ind2=" " tag="852"><subfield code="a">D.259</subfield><subfield code="c">SLG</subfield></datafield><datafield ind1=" " ind2=" " tag="CAT"><subfield code="a">Sys</subfield><subfield code="c">20130208</subfield><subfield code="h">101144</subfield></datafield></record></collection>